@article{Kramdi,
author = {Kramdi, Seifeddine},
file = {:users/level5/2025138w/.local/share/data/Mendeley Ltd./Mendeley Desktop/Downloaded/Kramdi - Unknown - A modal approach to model computational trust.pdf:pdf},
journal = {PhD Thesis},
mendeley-groups = {Computational Trust/Responsibility},
title = {{A modal approach to model computational trust}},
url = {https://tel.archives-ouvertes.fr/tel-01328169},
year = {2015}
}

@article{Urbano2014,
author = {Urbano, Joana and Rocha, Ana Paula and Oliveira, Eug{\'{e}}nio},
doi = {10.3233/AIC-130587},
file = {:users/level5/2025138w/.local/share/data/Mendeley Ltd./Mendeley Desktop/Downloaded/Urbano, Rocha, Oliveira - 2014 - An approach to computational social trust.pdf:pdf},
keywords = {agent-based systems,computational trust,social trust},
mendeley-groups = {Computational Trust/Responsibility},
pages = {113--131},
title = {{An approach to computational social trust}},
volume = {27},
year = {2014}
}

@article{sloman_spaceofminds,
author = {Sloman, Aaron},
file = {:users/level5/2025138w/.local/share/data/Mendeley Ltd./Mendeley Desktop/Downloaded/Sloman - 1984 - The Structure of the Space of Possible Minds.pdf:pdf},
pages = {35--42},
title = {{The Structure of the Space of Possible Minds}},
year = {1984}
}

@book{Shanahan,
	author = {Murray Shanahan},
	year = {2010},
	publisher = {Oxford University Press},
	title = {Embodiment and the Inner Life: Cognition and Consciousness in the Space of Possible Minds}
}

@article{corrigability,
author = {Armstrong, Stuart and Soares, Nate and Fallenstein, Benja and Yudkowsky, Eliezer},
journal = {AAAI Workshops: Workshops at the Twenty-Ninth AAAI Conference on Artificial Intelligence},
title = {{Corrigibility}},
year = {2015}
}

@article{freedomandresentment,
author={Strawson, P.F},
journal={Proceedings of the British Academy, Vol. 48},
title={Freedom and Resentment},
year={1960}
}

@incollection{sommerville_resp_depend,
author={Ian Sommerville},
title={Models for Responsibility Assignment},
booktitle={Responsibility and Dependable Systems},
chapter={10}
}

@article{concrete_problems,
  author    = {Dario Amodei and
               Chris Olah and
               Jacob Steinhardt and
               Paul Christiano and
               John Schulman and
               Dan Man{\'{e}}},
  title     = {Concrete Problems in {AI} Safety},
  journal   = {CoRR},
  volume    = {abs/1606.06565},
  year      = {2016},
  url       = {http://arxiv.org/abs/1606.06565},
}

@article{experimental_semantics,
	volume = {82},
	title = {Experimental Semantics},
	journal = {Philosophy and Phenomenological Research},
	pages = {418--435},
	publisher = {Wiley-Blackwell},
	year = {2011},
	number = {2},
	author = {Michael Devitt}
}

@article{scanlon2006justice,
title={Justice, Responsibility, and the Demands of Equality},
author={Scanlon, Thomas M},
year={2006},
}

