@article{Kramdi,
author = {Kramdi, Seifeddine},
file = {:users/level5/2025138w/.local/share/data/Mendeley Ltd./Mendeley Desktop/Downloaded/Kramdi - Unknown - A modal approach to model computational trust.pdf:pdf},
journal = {PhD Thesis},
mendeley-groups = {Computational Trust/Responsibility},
title = {{A modal approach to model computational trust}},
url = {https://tel.archives-ouvertes.fr/tel-01328169},
year = {2015}
}

@article{Urbano2014,
author = {Urbano, Joana and Rocha, Ana Paula and Oliveira, Eug{\'{e}}nio},
doi = {10.3233/AIC-130587},
file = {:users/level5/2025138w/.local/share/data/Mendeley Ltd./Mendeley Desktop/Downloaded/Urbano, Rocha, Oliveira - 2014 - An approach to computational social trust.pdf:pdf},
keywords = {agent-based systems,computational trust,social trust},
mendeley-groups = {Computational Trust/Responsibility},
pages = {113--131},
title = {{An approach to computational social trust}},
volume = {27},
year = {2014}
}

@article{sloman_spaceofminds,
author = {Sloman, Aaron},
file = {:users/level5/2025138w/.local/share/data/Mendeley Ltd./Mendeley Desktop/Downloaded/Sloman - 1984 - The Structure of the Space of Possible Minds.pdf:pdf},
pages = {35--42},
title = {{The Structure of the Space of Possible Minds}},
year = {1984}
}

@book{Shanahan,
	author = {Murray Shanahan},
	year = {2010},
	publisher = {Oxford University Press},
	title = {Embodiment and the Inner Life: Cognition and Consciousness in the Space of Possible Minds}
}

@article{corrigability,
author = {Armstrong, Stuart and Soares, Nate and Fallenstein, Benja and Yudkowsky, Eliezer},
journal = {AAAI Workshops: Workshops at the Twenty-Ninth AAAI Conference on Artificial Intelligence},
title = {{Corrigibility}},
year = {2015}
}

@article{freedomandresentment,
author={Strawson, P.F},
journal={Proceedings of the British Academy, Vol. 48},
title={Freedom and Resentment},
year={1960}
}

@incollection{sommerville_resp_depend,
author={Ian Sommerville},
title={Models for Responsibility Assignment},
booktitle={Responsibility and Dependable Systems},
chapter={10}
}

@article{concrete_problems,
  author    = {Dario Amodei and
               Chris Olah and
               Jacob Steinhardt and
               Paul Christiano and
               John Schulman and
               Dan Man{\'{e}}},
  title     = {Concrete Problems in {AI} Safety},
  journal   = {CoRR},
  volume    = {abs/1606.06565},
  year      = {2016},
  url       = {http://arxiv.org/abs/1606.06565},
}

@article{marsh1994,
    title = {{Formalising Trust as a Computational Concept}},
    year = {1994},
    journal = {Computing},
    author = {Marsh, Stephen Paul},
    number = {April},
    pages = {184},
    volume = {Doctor of},
    isbn = {CSM-133},
    doi = {10.2165/00128413-199409230-00010}
}

@unpublished{wallis_2016,
  title = {On Anthropomorphic Algorithms},
  author = {Tom Wallis},
  note = {Paper on the philosophical utility and implication of anthropomorphic algorithms on theory of mind and AI Safety, currently in progress. Recent draft can be found at \href{https://github.com/probablytom/PhD-Project-Proposal/blob/master/ai\_safety/cs/proposal.pdf}{https://github.com/probablytom/PhD-Project-Proposal/blob/master/ai\_safety/cs/proposal.pdf}.},
  year = {2016}
}

@unpublished{wallis_2016_b,
  title = {Simulating Variance in Socio-Technical Behaviours using Executable Workflow Fuzzing},
  author = {Wallis, Tom and Storer, Tim},
  note = {Paper on the dynamic human-like variance of a workflow model, complete with a suitable modelling framework in Python, currently in progress. Recent draft can be found at \href{http://github.com/probablytom/fuzzi-moss-paper}{http://github.com/probablytom/fuzzi-moss-paper}.},
  year = {2016}
}
