@article{Kramdi,
author = {Kramdi, Seifeddine},
file = {:users/level5/2025138w/.local/share/data/Mendeley Ltd./Mendeley Desktop/Downloaded/Kramdi - Unknown - A modal approach to model computational trust.pdf:pdf},
journal = {PhD Thesis},
mendeley-groups = {Computational Trust/Responsibility},
title = {{A modal approach to model computational trust}},
url = {https://tel.archives-ouvertes.fr/tel-01328169},
year = {2015}
}

@article{Urbano2014,
author = {Urbano, Joana and Rocha, Ana Paula and Oliveira, Eug{\'{e}}nio},
doi = {10.3233/AIC-130587},
file = {:users/level5/2025138w/.local/share/data/Mendeley Ltd./Mendeley Desktop/Downloaded/Urbano, Rocha, Oliveira - 2014 - An approach to computational social trust.pdf:pdf},
keywords = {agent-based systems,computational trust,social trust},
mendeley-groups = {Computational Trust/Responsibility},
pages = {113--131},
title = {{An approach to computational social trust}},
volume = {27},
year = {2014}
}

@book{Shanahan,
	author = {Murray Shanahan},
	year = {2010},
	publisher = {Oxford University Press},
	title = {Embodiment and the Inner Life: Cognition and Consciousness in the Space of Possible Minds}
}

